2523 3556
122 414 319 445 Presentate
342 413 441 442 nobis
465 412 588 447 dilecti,
612 412 685 441 459.

123 466 319 495 Presentate
340 464 439 494 nobis
461 474 511 497 ex,
536 463 628 493 1526.

124 517 321 547 Presentate
359 516 457 545 nobis
497 516 617 551 littere,
661 517 752 545 1744.

168 570 262 604 3142,
283 570 379 600 4031.

122 624 321 652 Presentate
360 622 458 651 nobis
498 631 567 662 per,
607 623 691 651 4072
732 623 750 651 a

163 674 258 704 4076.

119 728 318 759 Presentate
342 726 441 756 nobis
465 730 531 758 tue.
556 726 629 761 802,
657 727 748 760 1095,

166 778 257 812 1353,
284 779 376 813 1516,
400 778 494 808 2710.

119 832 317 862 Presentate
341 831 440 860 nobis
464 834 582 864 vestre,
612 831 703 860 1514.

118 885 316 913 Presentate
355 884 488 924 pagine,
530 882 747 917 Senonensis,

164 936 235 966 133.

118 981 347 1018 Presentium¹
364 989 424 1018 tibi
453 989 667 1021 auctoritate,
699 988 747 1021 14,

164 1041 257 1076 1994,
284 1040 379 1075 4202,
407 1040 502 1075 4208,
530 1039 624 1073 4240,
651 1040 746 1073 4241,

160 1092 256 1128 4265,
283 1093 378 1126 4266,
406 1092 500 1127 4316,
528 1092 622 1127 4398,
650 1092 746 1126 4418,

159 1145 255 1180 4764,
281 1145 376 1179 5931,
401 1145 495 1178 6002,
521 1145 616 1174 6151.

115 1198 333 1228 Presentium
383 1198 482 1228 nobis
531 1197 745 1230 auctoritate,

158 1250 232 1286 486,
269 1250 361 1284 1580,
395 1249 489 1283 3077,
523 1248 617 1283 3078,
651 1248 744 1281 3086,

159 1302 254 1336 3667,
283 1301 377 1337 3696,
405 1301 499 1336 3697,
527 1300 621 1335 3974,
650 1300 745 1329 6041.

115 1357 292 1386 pressuris
309 1359 342 1387 et
363 1353 544 1394 angustiis,
567 1353 662 1382 6033.

114 1409 356 1440 Presumentes
372 1407 456 1436 vitia
471 1407 594 1446 prefer.
606 1415 632 1435 e.
650 1405 744 1434 4492.

113 1461 279 1500 Princeps
312 1459 432 1489 mundi
467 1458 584 1496 hujus.
623 1457 703 1485 1466
726 1458 745 1486 a

159 1512 252 1542 1469.

111 1565 313 1604 Principum
333 1567 533 1594 eternorum
557 1562 742 1601 aggregari,

157 1617 252 1648 3204.

112 1669 335 1709 Privilegium
359 1668 530 1698 carissimi
554 1669 599 1699 in.
629 1666 719 1696 1531.

111 1723 178 1752 Pro
197 1721 407 1752 confessoris
428 1720 626 1752 reverentia,
647 1718 742 1748 3860.

111 1776 177 1805 Pro
200 1773 400 1805 defensione
424 1772 621 1804 christiane,
646 1770 740 1800 4735.

112 1828 178 1857 Pro
198 1826 322 1856 dilecto
342 1826 423 1860 filio,
446 1825 496 1858 84,
519 1823 613 1853 3428.

110 1881 176 1910 Pro
196 1879 392 1909 diversitate
414 1878 625 1907 morborum.
646 1876 740 1905 3521.

111 1933 178 1962 Pro
203 1932 283 1961 fidei
310 1931 527 1963 exaltatione,
555 1929 649 1958 2300.

111 1985 177 2014 Pro
214 1984 292 2014 fidei
331 1983 474 2015 meritis,
513 1980 608 2013 2123.
645 1979 740 2013 4273,

152 2035 248 2066 4274.

109 2089 174 2118 Pio
191 2087 457 2119 imminentibus
476 2086 634 2119 Ecclesie,
655 2083 739 2114 5634

110 2143 176 2172 Pro
206 2141 372 2180 magistro
402 2140 519 2173 Paulo,
549 2138 643 2168 3908.

104 2195 170 2224 Pro
185 2193 396 2224 monasterio
411 2191 628 2224 dilectarum,
647 2189 739 2219 1210.

110 2248 177 2277 Pro
200 2246 306 2276 nobili
330 2247 413 2279 viro,
438 2244 533 2277 4397,
558 2243 653 2272 4763.

110 2300 176 2329 Pro
216 2307 443 2338 personarum
484 2296 626 2327 meritis,
667 2293 739 2326 693,

157 2351 249 2386 1886,
271 2350 367 2380 3585.

109 2404 175 2434 Pro
199 2403 416 2443 prerogativa
439 2400 641 2432 devotionis,
666 2399 718 2428 86.

109 2457 176 2486 Pro
197 2455 359 2494 religione
380 2455 502 2487 vestra,
524 2451 619 2481 2336.

108 2509 175 2538 Pro
197 2506 388 2538 reverentia
409 2505 558 2545 gloriosi,
581 2503 676 2533 4371.

108 2561 174 2591 Pro
192 2560 384 2590 reverentia
403 2557 624 2592 sanctissimi,
643 2556 717 2585 581.

109 2613 177 2642 Pro
195 2615 228 2642 te
248 2612 326 2645 fuit,
347 2610 442 2640 2008.

109 2666 175 2694 Pro
191 2664 263 2694 zelo
281 2662 484 2696 Christiane,
502 2661 596 2690 4400.

111 2717 257 2746 Probata
279 2716 376 2749 fides,
401 2718 492 2745 nota.
517 2714 611 2743 6136.

109 2769 267 2799 Probatis
288 2771 346 2798 tue
368 2768 500 2800 merita,
522 2764 616 2795 5363.

109 2821 266 2851 Procedit
306 2830 347 2850 ex
388 2817 590 2850 devotionis,
643 2815 738 2847 4361,

153 2872 248 2908 4503,
270 2872 365 2902 5173.

109 2925 266 2955 Procedit
289 2935 330 2955 ex
352 2925 493 2955 melitis,
518 2922 612 2951 4406.

109 2979 274 3008 Processu
296 2974 474 3007 electionis
494 2986 522 3009 a,
544 2974 637 3003 3953.

943 326 1074 356 INITIA
1100 329 1409 360 EPISTOLARPM

864 419 1128 450 l’rocurntiones
1155 430 1218 459 (sue
1247 422 1389 457 ratione,
1417 424 1489 453 951.

862 471 1065 502 l'rohibente
1090 474 1205 511 regula
1227 477 1348 507 vestra,
1372 474 1466 504 5334.

863 523 1082 553 Promerente
1108 528 1162 555 tue
1198 526 1357 564 puritate,
1394 527 1487 561 4277,

905 575 1000 608 4644,
1026 575 1121 610 4655,
1148 577 1243 607 4656.

862 627 1044 666 Proposuit
1070 629 1168 658 nobis
1193 629 1345 664 dilectus,
1372 630 1466 660 2385.

861 679 1004 718 Propter
1024 681 1167 710 humani
1190 683 1330 720 generis,
1353 682 1447 713 5389.

861 731 1026 771 Prosequi
1077 735 1331 772 nequeuntibus
1391 742 1487 771 que,

904 783 998 813 3709.

861 836 997 865 Providi
1020 838 1154 866 cautela
1177 838 1327 872 rectoriS,
1350 838 1445 868 3115.

857 888 1039 917 Proximus
1066 894 1096 921 et
1123 890 1274 924 remotis,
1305 890 1396 920 1028.

857 940 1047 970 Prudenter
1095 949 1282 980 agnoscens
1329 943 1484 976 dilectus,

902 990 997 1025 3751,
1017 992 1114 1023 5342.

856 1044 1045 1073 Prudenter
1062 1053 1253 1083 agnoscens
1270 1047 1484 1081 venerabilis,

900 1095 994 1130 2570,
1023 1095 1116 1129 2850,
1145 1097 1238 1131 2851,
1267 1098 1360 1131 2852,
1389 1097 1483 1131 3663,

900 1147 994 1183 3776,
1016 1148 1110 1178 3798.

856 1200 1080 1230 Prudentiam
1110 1204 1206 1230 tuam
1236 1202 1358 1240 dignis,
1389 1202 1482 1231 6130.

855 1252 1077 1282 Prud.ntiam
1109 1255 1204 1282 tuam
1235 1254 1483 1293 multipliciter,

898 1304 993 1333 4915.

852 1356 1038 1386 prudentie
1056 1359 1165 1386 vestre
1183 1358 1370 1398 scripsisse,
1391 1359 1482 1387 1901.

852 1408 1085 1438 Prudentibus
1104 1409 1294 1448 virginibus
1313 1420 1389 1449 que,
1413 1411 1482 1446 105,

898 1459 992 1491 2693.
1015 1459 1110 1490 3603.

853 1512 985 1542 Pulsati
1011 1521 1132 1542 sumus
1158 1515 1198 1547 et,
1223 1512 1318 1545 3116.
1343 1514 1437 1543 3117.

853 1564 990 1594 Puritas
1015 1565 1094 1594 fidei
1120 1566 1162 1597 et.
1189 1565 1284 1595 2702.

853 1617 1006 1648 Puritate
1033 1618 1111 1646 fidei
1139 1617 1271 1651 dilecte,
1296 1618 1391 1648 4645.

1139 1792 1199 1867 Q

852 1932 927 1967 Qua
949 1932 1012 1961 fide
1035 1940 1112 1970 qua,
1138 1931 1230 1961 1068.

851 1984 927 2020 Qua
950 1984 1145 2013 innocentia
1167 1984 1244 2018 vite,
1266 1983 1360 2013 3525.

851 2036 1005 2072 Qualiter
1036 2045 1138 2074 super
1170 2037 1316 2075 negotio,
1347 2036 1431 2065 3289
1461 2037 1480 2066 a

895 2088 990 2117 3293.

851 2140 958 2173 Quam
985 2141 1131 2179 graviter
1157 2140 1290 2174 nobilis,
1318 2140 1412 2170 2376.

851 2193 963 2230 Quam
989 2193 1136 2232 graviter
1161 2193 1270 2227 Oddo,
1296 2192 1390 2222 3863.

851 2245 963 2281 Quam
1012 2245 1239 2274 intentionem
1289 2245 1334 2275 in.
1384 2244 1478 2277 3287,

895 2296 989 2326 3288.

849 2349 962 2385 Quam
983 2350 1025 2379 sit
1047 2348 1323 2389 reprehensibile.
1344 2348 1438 2378 3231.

849 2401 1016 2437 Quamvis
1036 2404 1155 2430 contra
1175 2404 1284 2436 natos,
1305 2401 1400 2431 2487.

849 2454 1016 2490 Quamvis
1040 2454 1192 2483 Ecclesia
1216 2454 1381 2487 Romana,
1405 2454 1455 2483 85.

849 2505 1015 2542 Quamvis
1034 2516 1074 2535 ne
1096 2507 1184 2545 quis,
1203 2505 1298 2535 3655.

850 2558 1017 2594 Quamvis
1042 2568 1103 2590 nos
1126 2558 1229 2593 zelus,
1258 2557 1348 2587 1738.

848 2610 1024 2646 Quamvis.
1074 2612 1214 2650 propter
1262 2610 1476 2643 ambitiones,

893 2661 987 2691 4577.

848 2714 1010 2746 Quamvis
1049 2715 1273 2743 Sacrosancta
1312 2715 1476 2745 Romana,

897 2765 987 2795 1627.

849 2817 1015 2855 Quamvis
1042 2818 1102 2847 tibi
1129 2827 1198 2856 per,
1226 2818 1319 2848 3071.

849 2870 1015 2906 Quamvis
1042 2872 1079 2900 ut
1106 2870 1232 2909 plureS‚
1260 2870 1354 2903 2489,
1381 2869 1476 2903 4425,

892 2922 986 2951 4900.

848 2976 986 3010 Quanto
1017 2974 1166 3013 amplius
1197 2983 1280 3007 esse,
1314 2974 1405 3004 1727.

2165 339 2225 367 :313

1599 425 1736 461 Quanto
1801 428 1949 465 amplius
2014 429 2222 461 wmrabilis.

1647 476 1737 506 1018.

1599 530 1735 565 Quanto
1764 531 1963 560 carissimus
1992 533 2034 566 in,
2066 534 2157 562 1137.

1600 582 1737 617 Quanto
1802 583 1921 611 civitas
1989 585 2221 619 Viterliiensi&

1643 632 1736 662 2714.

1600 687 1737 721 Quanto
1783 686 2005 716 cluniacense
2051 692 2220 718 monastea

1642 737 1743 769 rium,
1770 737 1842 767 228.

1598 788 1734 825 Quanto
1760 797 1836 828 erga
1860 799 1931 821 nos.
1960 791 2050 821 1678.

1596 840 1730 873 Quanto
1760 841 1967 872 familiarius
1996 845 2222 877 devotionem,

1641 892 1735 923 3302.

1596 946 1734 982 Quanto
1789 946 1996 976 familiarius
2049 947 2222 981 dilectum,

1640 996 1735 1027 3303.

1596 1049 1734 1085 Quanto
1754 1049 1878 1080 fratres
1900 1053 1942 1083 et,
1963 1051 2035 1080 939.

1596 1101 1733 1137 Quanto
1752 1103 1901 1141 gratiora
1921 1105 2010 1135 sunt,
2034 1103 2124 1131 1087.

1596 1153 1734 1190 Quanto
1754 1155 1862 1193 magis
1882 1165 1951 1189 vos,
1972 1155 2066 1184 2387.

1596 1205 1732 1241 Quanto
1756 1207 1883 1245 majori
1909 1208 2055 1239 vinculo.
2082 1207 2176 1237 2651.

1596 1257 1732 1294 Quanto
1761 1259 1912 1288 malivoli
1941 1262 1982 1292 et,
2011 1259 2083 1288 547.

1593 1310 1732 1346 Quanto
1771 1311 2019 1340 monasterium
2057 1314 2221 1345 vestrum,

1639 1362 1732 1391 2541.

1593 1414 1729 1450 Quanto
1751 1415 1900 1444 nobilius
1922 1416 2126 1449 membrum,
2150 1416 2220 1450 181,

1645 1466 1712 1497 188,
1738 1467 1833 1496 6106.

1593 1518 1725 1550 Quanto
1745 1519 1842 1547 nobis
1863 1519 2090 1558 hospitalitas,
2110 1520 2182 1549 473.

1593 1570 1731 1607 Quanto
1751 1580 1935 1610 personam
1957 1575 2062 1606 tuam,
2088 1572 2179 1602 1498.

1592 1622 1729 1658 Quanto
1773 1633 1953 1661 personam
1998 1625 2218 1655 Venerabilis,

1638 1674 1709 1703 759.

1592 1726 1729 1762 Quanto
1754 1728 1889 1766 plenius
1913 1728 2121 1762 excellentia,
2146 1727 2218 1757 635.

1591 1778 1729 1814 Quanto
1774 1779 2022 1815 segobricensis
2067 1779 2218 1816 ecclesia,

1636 1829 1730 1859 4867.

1591 1882 1728 1918 Quanto
1786 1884 1966 1922 specialius
2026 1894 2218 1924 personam,

1638 1934 1732 1965 5269.
1754 1935 1847 1967 5270,
1868 1935 1962 1965 5271.

1591 1986 1729 2023 Quanto
1755 1988 1869 2017 studio
1894 1989 2075 2027 quantave,
2101 1988 2195 2018 6133.

1590 2039 1727 2075 Quanto
1753 2041 1928 2069 studiosus
1963 2041 2087 2073 divine,
2125 2040 2217 2074 1733,

1638 2090 1728 2123 1734,
1751 2090 1845 2120 3238.

1590 2142 1727 2178 Quanto
1746 2144 1809 2172 viri
1829 2143 1988 2182 religiosi.
2009 2144 2102 2174 2944.

1589 2194 1761 2227 Quantum
1782 2205 1843 2225 nos
1862 2199 1990 2234 urgeat.
2009 2196 2103 2229 2586,
2122 2196 2216 2232 2790,

1634 2246 1728 2276 3502.

1588 2299 1766 2336 Quantum
1785 2301 1919 2329 timoris
1937 2299 1990 2331 ad,
2008 2300 2102 2334 4255,
2121 2300 2215 2330 4256.

1591 2350 1696 2387 Quasi
1722 2360 1781 2380 vas
1807 2361 1961 2388 aureum,
1993 2353 2083 2383 1505.

1595 2398 1706 2440 [Qlue
1726 2406 1769 2434 ad
1790 2408 1929 2439 statum,
1949 2405 2022 2434 887.

1588 2456 1659 2493 Que
1681 2457 1891 2496 cujusquam
1912 2458 2058 2489 affectui.
2084 2459 2174 2488 1913.

1587 2508 1660 2545 Que
1681 2509 1867 2539 discrimen
1888 2510 2037 2548 pariunt,
2058 2510 2153 2541 4795.

1587 2560 1661 2597 Que
1681 2561 1783 2591 fuerit
1804 2561 1948 2596 insania,
1971 2563 2062 2595 1439,
2084 2563 2175 2592 1441.

1587 2613 1659 2649 Que
1682 2613 1847 2642 honorem
1871 2614 2074 2644 Conditoiis.
2097 2614 2191 2643 4806.

1588 2664 1661 2701 Que
1683 2666 1716 2694 in
1737 2666 1979 2697 defensionem.
2005 2666 2095 2695 1719.

1587 2716 1654 2749 Que
1679 2718 1834 2746 omnium
1857 2718 2053 2749 conditoris,
2077 2717 2170 2746 2581.

1586 2770 1658 2805 Que
1679 2769 1890 2798 secularibus
1909 2770 2098 2801 desideriis,
2118 2769 2212 2799 4034.

1588 2820 1697 2856 Quem
1719 2821 1834 2851 divina
1856 2822 1975 2859 gratia.
2002 2821 2092 2850 1923.

1587 2872 1722 2908 Queque
1757 2873 1854 2901 nobis
1885 2882 2036 2907 erronea,
2072 2874 2162 2903 1115.

1586 2924 1766 2960 Querelam
1821 2925 2022 2954 venerahilis
2084 2926 2210 2957 finiris.

1630 2976 1723 3005 4810,
