2523 3556
274 321 331 348 J'l4

271 410 501 447 Qucrcntibus
523 413 556 441 in
577 416 668 447 agro,
690 409 784 442 4567,
805 408 898 436 4568.

272 464 388 499 Querit
416 462 553 491 assidue
579 461 731 502 perfidia.
765 461 853 489 1581.

271 516 338 552 Qui
362 516 403 544 ad
427 515 501 545 hoc.
526 514 620 542 3890.

272 568 337 603 Qui
359 567 435 596 aliis
455 568 500 596 in.
521 565 615 594 4311.

272 620 331 651 Qui
362 620 444 647 bene
475 618 625 651 meritos,
654 618 704 652 49,
734 617 805 645 51¹0.

271 672 336 708 Qui
358 671 495 700 celestia
516 669 629 702 simul,
650 669 722 701 517,
743 668 836 697 3762.

271 725 335 759 Qui
365 732 484 752 curam
511 722 687 755 catholice,
719 722 809 750 1912.

271 775 347 811 Qui.
371 775 573 814 disponente
596 776 700 813 patre,
724 774 817 802 3518.

271 828 337 863 Qui
358 826 483 856 divinis
504 826 689 865 obsequiis.
710 826 782 853 610.

271 881 337 916 Qui
357 890 396 910 ex
414 879 599 910 beneficiis.
620 878 692 907 638.
712 878 784 907 639,
803 876 877 905 673.

272 933 338 968 Qui
361 932 531 963 extraneis
555 934 595 964 et.
619 931 713 959 4004.

270 985 337 1021 Qui
399 984 635 1013 fraudulenter
696 981 898 1020 Apostolice.

317 1035 409 1065 1175.

271 1088 336 1124 Qui
359 1097 420 1117 nec.
443 1097 511 1127 spe,
533 1087 627 1116 3491.

271 1141 333 1173 Qui
351 1150 419 1170 non
439 1140 561 1174 solum,
582 1138 673 1168 1723.

271 1193 337 1229 Qui
361 1192 536 1231 obsequiis
560 1191 696 1221 divinis.
721 1190 814 1219 2730.

271 1245 347 1281 Qui,
369 1244 560 1284 postposita
582 1243 743 1275 vanitate,
766 1242 860 1271 5995.

271 1297 337 1334 Qui
364 1297 499 1336 proprie
523 1296 715 1335 probitatis,
741 1295 813 1324 452.

271 1349 338 1386 Qui
367 1349 533 1388 sanguine
562 1348 727 1387 generosi,
757 1347 851 1376 3147.

271 1402 337 1438 Qui
362 1402 501 1431 scienti-e
526 1402 739 1433 thesaurum,
765 1400 814 1428 61.

271 1454 336 1490 Qui
360 1464 394 1485 Se
418 1453 638 1493 principium,
662 1453 756 1481 2105.

269 1506 335 1543 Qui
362 1506 515 1536 succensi
542 1505 780 1544 suggestionis.
810 1503 899 1531 1602.

270 1558 335 1595 Qui
359 1561 516 1587 tenemur
536 1565 583 1588 ex.
610 1558 700 1586 1194.

269 1610 353 1643 Quia
388 1610 471 1639 certi
507 1618 637 1644 sumus,
673 1609 768 1639 3948,
804 1608 899 1639 3949,

312 1663 408 1695 4502,
431 1662 526 1691 45186.

270 1716 356 1752 Quia
381 1715 507 1744 Christi
529 1714 658 1748 vicarii,
681 1714 753 1743 684.

269 1768 356 1804 Quia
381 1768 606 1796 commissum
631 1766 739 1801 nobis,
762 1765 856 1794 5229.

269 1820 356 1856 Quia
381 1819 541 1849 confusio
564 1819 714 1849 habitus.
739 1818 834 1847 5336.

270 1872 357 1908 Quia
380 1872 501 1901 crescit
524 1871 602 1905 diei,
625 1870 697 1900 521.

270 1925 359 1961 Quia
383 1926 526 1963 dignum
550 1926 610 1957 est,
635 1923 730 1953 2725.

270 1976 357 2013 Quia
382 1976 505 2015 dignus
529 1985 574 2010 eS‚
600 1975 694 2009 3344,
719 1975 813 2004 3345.

268 2029 357 2066 Quia
378 2030 492 2058 <livine
514 2028 760 2061 misericordia,
783 2027 877 2056 3538.

269 2082 356 2118 Quia
382 2081 520 2112 :cclesia
543 2081 736 2114 Valentina,
761 2080 855 2110 33‘01.

270 2134 353 2166 Quia
380 2133 471 2163 filius
492 2142 541 2167 us,
567 2132 651 2162 2344
675 2133 693 2162 ἐι
718 2132 812 2162 2364.

270 2187 357 2223 Quia
377 2189 473 2224 grata
491 2186 599 2219 uobis,
619 2186 713 2214 5401.

271 2240 358 2275 Quia
381 2239 487 2275 gratia
511 2240 623 2271 (latur,
647 2237 718 2267 328.

270 2293 356 2329 Quia
382 2293 474 2321 illius
495 2294 620 2326 locum,
645 2292 717 2323 944.
741 2291 813 2320 945.

269 2345 357 2381 Quia
382 2345 478 2374 illum
498 2345 658 2384 gaudere,
681 2343 775 2373 4625.

270 2397 357 2433 Quia
384 2398 417 2426 in
444 2397 579 2429 officiis,
608 2397 678 2425 118.

269 2449 356 2485 Quia
386 2449 570 2487 instigante
597 2449 752 2483 humani,
781 2448 874 2477 3037.

269 2502 356 2538 Quia
385 2502 474 2531 inter
499 2504 639 2534 ceteros,
667 2500 760 2530 5000.

268 2554 355 2590 Quia
378 2554 466 2584 inter
488 2554 699 2585 holocausta.
722 2552 816 2582 5311.

268 2607 351 2639 Quia
371 2606 471 2645 juxta
493 2605 642 2643 vulgare,
664 2605 737 2634 6716.

267 2659 353 2695 Quia
372 2659 562 2688 labentium
578 2662 784 2697 temporum.
802 2657 896 2687 3102.

269 2711 355 2746 Quia
414 2711 664 2750 longinquitate
721 2710 896 2748 temporis,

312 2762 406 2792 55:20.

267 2815 354 2851 Quia
381 2814 641 2844 matrimonium
665 2815 777 2853 cujus,
802 2814 895 2843 2722.

267 2867 353 2903 Quia
378 2867 535 2897 monachi
558 2867 757 2899 Militenses,
783 2867 874 2895 1665.

268 2919 355 2955 Quia
382 2920 568 2948 mullofum
594 2919 775 2959 cupiditas,
801 2918 895 2947 5214.

267 2971 353 3009 Quia
380 2971 482 2999 nimis
505 2974 601 3002 essu.
624 2972 696 3004 609,
720 2971 813 3000 2891.

1063 314 1283 343 (iREGOIlth
1308 313 1348 342 lX
1372 332 1391 333 ἡ
1435 312 1604 341 'rAssLEs

1010 406 1099 442 Quia
1119 405 1221 434 nimis
1238 407 1296 438 cst,
1315 403 1409 433 2822.

1011 458 1099 493 Quia
1123 467 1190 486 non
1214 457 1291 491 cito,
1315 455 1410 485 (3139.

1011 510 1100 546 Quia
1122 519 1190 538 non
1212 509 1321 539 debet,
1343 508 1438 537 3540.

1010 562 1099 598 Quia
1122 561 1279 590 nonnulli
1302 562 1480 600 potestate,
1503 558 1597 588 3131.

1011 614 1098 650 Quia
1124 613 1280 642 nonnulli
1303 612 1436 652 prelati,
1461 611 1555 640 2196.

1010 666 1099 702 Quia
1119 665 1305 694 nonnullos
1326 667 1408 698 loca,
1429 663 1501 693 572.

1010 717 1098 754 Quia
1117 726 1369 755 nonnunquam
1387 720 1433 750 in,
1451 716 1545 745 4290.

1011 770 1099 806 Quia
1126 777 1224 799 omne
1250 772 1363 808 caput,
1393 769 1485 797 1610.

1011 822 1100 859 Quia
1127 831 1249 861 parum
1278 823 1338 853 est,
1368 820 1460 850 1486.

1010 874 1098 911 Quia
1120 882 1179 913 per
1201 873 1405 906 subsidium,
1428 872 1521 901 5123.

1011 927 1099 963 Quia
1126 928 1330 965 potestatem
1358 925 1496 964 ligandi,
1526 923 1618 953 1017.

1010 979 1097 1015 Quia
1118 979 1363 1018 predicationis
1383 977 1548 1010 officium,
1568 976 1629 1005 236

1011 1031 1099 1068 Quia
1124 1031 1334 1070 presentiam
1359 1032 1521 1062 vestram,
1543 1028 1625 1057 6181

1011 1083 1100 1119 Quia
1126 1083 1225 1122 proni
1253 1084 1343 1113 sunt.
1369 1080 1464 1110 4938.

1010 1134 1109 1171 Quia,
1132 1136 1272 1174 propter
1294 1135 1440 1167 viarum,
1462 1133 1558 1162 4593.

1010 1187 1098 1223 Quia
1118 1188 1248 1226 quanto
1267 1185 1472 1226 corruptior,
1492 1184 1565 1214 240.

1010 1241 1098 1276 Quia
1118 1239 1356 1278 net'rigescente
1375 1239 1527 1272 caritate,
1550 1237 1629 1266 1729

1010 1292 1098 1328 Quia
1117 1300 1237 1321 sensus
1255 1291 1416 1322 hominis.
1435 1290 1528 1325 2074,
1547 1289 1630 1319 2130

1056 1345 1139 1373 2465
1161 1345 1179 1374 a
1202 1344 1295 1373 2468.

1012 1397 1110 1433 Quia,
1132 1398 1220 1426 sicut
1241 1406 1290 1429 ex,
1312 1396 1406 1425 3660.

1014 1447 1111 1485 Quia.
1133 1449 1219 1477 sicut
1243 1451 1286 1479 in.
1308 1448 1402 1478 4307.

1012 1503 1110 1539 Quia,
1134 1502 1221 1531 sicut
1244 1503 1303 1535 sol,
1326 1501 1420 1531 3768.

1010 1555 1098 1591 Quia
1121 1555 1259 1593 speciali
1282 1553 1506 1594 prerogativa,
1528 1552 1579 1582 48.

1010 1607 1098 1643 Quia
1122 1607 1341 1636 subditorum
1363 1606 1524 1637 offensas.
1547 1605 1625 1634 2901

1011 1660 1100 1696 Quia
1123 1661 1208 1689 tales
1230 1662 1321 1691 sunt,
1347 1658 1439 1688 1483.

1011 1712 1109 1748 Quia,
1132 1715 1188 1742 tue
1208 1712 1347 1744 intuitu,
1368 1710 1463 1740 4420.

1011 1764 1100 1800 Quia
1118 1764 1175 1793 ubi
1195 1773 1301 1797 amor,
1321 1763 1415 1797 2060,
1435 1762 1529 1792 2061.

1010 1817 1099 1854 Quia
1123 1817 1181 1846 ubi
1204 1826 1283 1848 non,
1310 1816 1402 1846 1482.

1010 1869 1038 1905 Q
1054 1879 1073 1898 u
1089 1869 1097 1897 i
1113 1878 1130 1897 a
1182 1869 1424 1899 universorum
1475 1867 1628 1897 fidelium

1058 1920 1149 1950 1621.

1010 1974 1097 2010 Quia
1121 1983 1180 2002 vos
1202 1973 1300 2005 filios.
1323 1972 1418 2002 3856.

1010 2026 1143 2062 Quibus
1171 2034 1281 2065 nuper
1308 2024 1460 2059 Livonia‚
1488 2025 1582 2055 3654.

1011 2078 1213 2117 Quibusque
1280 2077 1412 2107 devotis
1479 2077 1626 2107 Ecclesie

1054 2130 1147 2160 3409.

1009 2183 1100 2219 Quid
1124 2183 1282 2221 gloriaris
1306 2183 1351 2215 in.
1376 2182 1470 2211 5999.

1011 2235 1100 2272 Quid
1168 2237 1304 2274 paterne
1375 2234 1627 2273 compassionis

1056 2287 1147 2321 1562,
1177 2287 1268 2318 1563.

1008 2340 1157 2376 Quidam
1180 2349 1284 2379 nepos
1305 2338 1403 2377 regiS,
1426 2338 1519 2367 3200.

1007 2391 1164 2428 Quietem
1186 2395 1216 2426 et
1237 2392 1443 2431 profectum,
1468 2390 1558 2420 1428.

1008 2444 1122 2481 Quieti
1148 2446 1259 2474 vestre
1285 2444 1474 2477 consulere,
1502 2443 1572 2472 196.

1008 2496 1122 2532 Quieti
1152 2498 1260 2527 vestre
1288 2499 1443 2534 paterna,
1472 2496 1544 2524 900.

1008 2549 1084 2585 Quo
1110 2549 1259 2588 amplius
1286 2549 1336 2581 de,
1364 2547 1459 2578 3266.

1007 2601 1082 2638 Quo
1107 2601 1257 2641 amplius
1279 2610 1351 2640 pro,
1374 2600 1447 2630 879.

1008 2653 1083 2689 Quo
1104 2653 1253 2691 ¹elongati
1278 2663 1306 2684 a.
1330 2652 1403 2681 504.

1007 2705 1082 2741 Quo
1115 2705 1330 2734 evidentibus
1363 2705 1510 2737 indiciis,
1543 2703 1626 2732 3448

1009 2758 1083 2793 Quo
1144 2757 1402 2786 habundantius

1055 2811 1123 2841 197.

1007 2864 1082 2900 Quo
1105 2864 1193 2893 inter
1215 2866 1355 2898 ceteras,
1379 2862 1474 2892 2737.

1009 2918 1085 2952 Quo
1109 2916 1219 2953 major
1243 2915 1401 2949 Ecclesia
1428 2915 1519 2945 1389,

1006 2970 1081 3006 Quo
1106 2980 1165 2999 vos
1190 2970 1234 3002 in.
1260 2969 1354 3003 2566,
1380 2969 1474 3001 2567,
1499 2968 1593 2998 2568.

1464 2756 1628 2794 regular-2s

1750 405 1850 442 Quod
1883 404 1967 434 alias
2001 404 2170 439 illicitum,
2204 404 2276 433 963.

1750 458 1850 494 Quod
1872 457 1912 487 de
1936 458 2055 491 tribuS,
2079 457 2150 486 700.

1749 510 1849 546 Quod
1873 509 2076 539 Guillelmus
2102 511 2152 544 de,
2177 509 2271 538 2066.

1750 561 1850 598 Quod
1881 561 2044 600 hospitali
2075 564 2202 595 nostro,
2234 560 2329 590 3828.

1751 613 1850 650 Quod
1876 613 1992 651 majus
2017 614 2062 646 in,
2087 612 2181 642 2127.

1751 665 1849 702 Quod
1882 665 2092 695 monasterio
2124 667 2253 699 nostro,
2285 664 2379 693 3820.

1751 718 1850 754 Quod
1876 726 1936 757 per
1960 720 2127 757 patentes,
2153 716 2247 746 3822.

1751 770 1850 806 Quod
1874 771 2041 808 tanquam
2065 779 2134 803 rex,
2158 768 2252 798 2433.

1751 822 1925 858 Quoniam
1956 822 2101 860 abyssus
2133 822 2252 855 multa,
2285 820 2380 850 3613.

1751 875 1924 911 Quoniam
1954 875 1996 903 ad
2026 873 2235 911 religionem,
2264 873 2358 902 3075.

1751 926 1923 963 Quoniam
1954 926 2061 961 aliqui
2092 929 2255 959 vestrum,
2289 925 2380 954 1219.

1753 978 1926 1015 Quoniam
1971 978 2236 1007 constitutiones
2280 986 2381 1007 cano-

1798 1030 1881 1063 nice,
1911 1029 2007 1060 2431.

1752 1081 1924 1118 Quoniam
1956 1081 2076 1111 diebus
2106 1081 2184 1116 hiis,
2215 1080 2309 1111 2073.

1751 1135 1923 1171 Quoniam
1951 1135 2101 1172 elegistis>
2124 1134 2260 1172 abjecti,
2289 1133 2381 1162 1554.

1754 1187 1927 1224 Quoniam
1962 1187 2084 1216 Petrus
2113 1186 2271 1220 clericus,
2304 1185 2379 1219 5119.

1752 1239 1923 1276 Quoniam
1980 1239 2038 1277 qui
2094 1239 2255 1269 multum.
2308 1237 2381 1271 876,

1796 1290 1869 1321 877.

1753 1344 1926 1380 Quoniam
1954 1344 2011 1383 qui
2041 1353 2120 1377 non,
2149 1342 2243 1372 2006.

1754 1397 1939 1434 Quoniam,
1971 1396 2216 1435 yrefrigesscente
2248 1395 2376 1425 carita-

1797 1451 1839 1482 te,
1865 1448 1959 1481 4852,
1984 1448 2079 1477 4984.

1753 1501 1925 1537 Quoniam
1955 1501 2120 1540 scriptum
2148 1503 2210 1533 est,
2239 1499 2333 1529 3168.

1752 1553 1924 1589 Quoniam
1952 1561 2053 1591 super
2080 1553 2260 1591 quosdam,
2287 1551 2382 1581 2890.

1753 1605 1926 1641 Quoniam
1956 1608 1990 1634 ut
2020 1604 2077 1635 ait.
2106 1604 2178 1638 898,
2207 1604 2279 1637 909,
2309 1604 2381 1637 912,

1800 1657 1891 1691 1583,
1917 1657 2011 1686 2499.

1751 1710 1991 1746 Quorumdam
2010 1718 2072 1738 nos
2094 1710 2266 1743 ordinum,
2287 1708 2382 1738 2660.

1752 1763 1846 1799 Quos
1871 1761 2049 1802 displicere
2074 1762 2155 1795 Deo,
2180 1761 2274 1790 3600.

1752 1814 1846 1851 Quos
1870 1814 1989 1843 <divina
2016 1814 2136 1853 gratia,
2164 1813 2258 1848 2657,
2286 1812 2381 1843 3076.

1751 1866 1845 1904 Quos
1864 1868 1899 1896 in
1916 1865 2041 1901 medio,
2061 1865 2155 1899 3272,
2175 1865 2269 1895 3274.

1751 1920 1846 1956 Quos
1870 1919 1995 1959 pietate
2019 1928 2091 1951 sua,
2116 1918 2211 1948 2561.

1749 1972 1843 2008 Quos
1862 1972 2085 2011 prosequitur
2102 1970 2381 2005 Dominus‚l52l.

1752 2024 1920 2061 Quotiens
1943 2033 1961 2052 a
1984 2024 2074 2058 filiis,
2103 2023 2172 2052 164.

1750 2076 1917 2113 Quotiens
1953 2086 1971 2107 a
2007 2076 2116 2110 nobis,
2156 2075 2248 2109 1221,
2288 2074 2380 2109 1336,

1798 2127 1889 2161 1833,
1921 2127 2012 2161 1857,
2041 2127 2136 2161 2315,
2163 2128 2258 2161 2401,
2286 2127 2380 2161 3009,

1794 2181 1889 2214 4478,
1915 2180 2009 2214 4534,
2034 2180 2128 2213 4535,
2154 2180 2249 2209 4647.

1751 2233 1918 2270 Quotiens
1948 2233 2133 2272 apostolice
2163 2233 2380 2273 provisionis,

1798 2285 1889 2319 1325,
1917 2285 2008 2319 1326,
2032 2285 2127 2314 4391.

2037 2460 2098 2518 R

1750 2600 1787 2629 R.
1808 2601 1847 2630 de
1869 2597 2089 2635 Mal·leol[is]‚
2110 2599 2204 2629 5405.

1751 2652 1876 2681 Rachel
1920 2662 2022 2682 suum
2064 2651 2193 2685 videns,
2236 2652 2319 2681 2200
2361 2652 2379 2681 a

1795 2704 1889 2737 2202,
1912 2704 1995 2733 3642
2019 2705 2037 2734 ξι
2059 2703 2154 2733 3644.

1754 2756 1970 2785 Raimundus
2038 2757 2185 2795 Rogerii,
2252 2756 2376 2790 dictus,

1793 2808 1887 2838 4295.

1749 2860 1939 2890 Rainaldu‘,=
1965 2861 2110 2900 Peponis
2136 2861 2237 2893 filius,
2263 2860 2335 2890 245.

1746 2914 1889 2943 Ratione
1906 2913 2131 2953 preminentis
2149 2912 2264 2945 officii.
2283 2912 2377 2943 3719.

1751 2966 1884 2994 Rationi
1911 2967 1981 2995 sore
2005 2975 2082 2999 non,
2105 2965 2199 3001 2813,
2222 2965 2316 2996 2814,
