2523 3556
252 328 312 353 :illl

249 418 363 454 Longa
390 424 457 444 non
481 414 588 449 debet,
614 414 707 442 2002.

249 468 514 506 Longinquitate
562 475 640 505 sepe
687 466 733 495 fit.
786 463 876 495 1074,

296 520 385 549 1075.

249 572 349 601 Lucis
375 575 483 601 derne
508 570 648 603 lumine,
674 570 746 598 940.

526 744 603 801 M

249 886 301 916 M..
323 884 425 913 vidua
446 883 538 917 civis,
563 882 653 911 1843.

248 936 409 975 Magister
429 936 616 965 Riccardus
634 934 686 964 de.
706 932 799 961 4923.

248 990 407 1027 Magisur

292 1040 385 1070 2817.

249 1095 369 1132 Magna
394 1094 480 1121 sicut
503 1092 638 1121 dicitur.
665 1090 734 1119 141.

247 1146 427 1185 Magnifica
448 1146 559 1173 vestre
580 1142 782 1173 devotionis,
803 1140 876 1171 431.

292 1198 363 1227 501.

250 1252 393 1288 Magnus
422 1249 590 1278 Dominus
619 1250 660 1280 et,
689 1246 761 1277 299.

248 1303 499 1331 Maledictionis
518 1301 580 1329 filii
601 1299 760 1339 populuS,
782 1297 876 1329 4826,

292 1354 386 1387 4827,
408 1353 502 1383 4828.

250 1407 377 1437 Malilie

292 1460 387 1488 2518.

249 1512 477 1541 Mansuetudo
496 1511 605 1550 pietas
625 1512 666 1543 et,
686 1508 759 1537 666.

247 1565 409 1594 Massana
431 1562 574 1594 ecclesia
594 1562 742 1601 pastore,
764 1559 837 1589 695.

249 1616 470 1646 Matrimonio
498 1622 605 1654 nuper
632 1614 732 1646 inter,
761 1611 856 1641 2723.

250 1669 415 1698 Μαίἰῑιὶοι·
435 1668 496 1696 Dei
516 1670 558 1701 et,
579 1666 664 1695 2969
683 1666 702 1695 a
722 1664 816 1694 2976.

250 1721 427 1750 Muliatori
450 1721 509 1749 Dei
533 1722 574 1753 et,
597 1717 691 1747 3023.

443 1407 674 1439 tirannorum,

250 1774 448 1803 Mediatoris
484 1773 543 1801 Dei
578 1773 620 1806 et,
655 1770 750 1803 2436,
784 1768 878 1801 2437,

294 1825 387 1855 2438.

249 1878 461 1908 Metlicinalis
483 1877 573 1906 Petri
594 1875 739 1915 gladius,
765 1874 856 1903 1518.

249 1930 514 1960 Mediolanensis
535 1929 676 1959 ecclesia
697 1929 878 1967 quantum,

293 1984 365 2013 211.

251 2036 402 2065 Membra
425 2045 492 2064 non
514 2034 646 2065 debent,
668 2032 762 2065 3056,
784 2030 878 2061 3057.

251 2089 471 2117 Meminimus
494 2096 556 2116 nos
578 2086 720 2117 dudum,
743 2083 838 2114 3780.

252 2141 472 2169 Meminimus
497 2148 558 2168 nos
582 2138 674 2171 olim,
703 2137 794 2166 1552.

252 2192 472 2222 M<minimus
504 2200 566 2221 nos
596 2191 702 2224 vobis,
735 2188 829 2218 2162.

252 2245 473 2274 Meminimus
495 2244 576 2273 olim
600 2244 744 2282 partem.
768 2241 839 2271 722.

252 2297 296 2326 MT:
306 2298 472 2326 minimus
494 2295 590 2325 vobis
611 2304 680 2335 per.
703 2294 797 2323 2001.

252 2350 434 2378 Memorari
460 2353 490 2379 te
513 2348 697 2381 credimus,
722 2346 794 2375 217.

253 2403 384 2431 Menses
404 2410 530 2431 vacuos
550 2403 592 2435 et,
614 2400 686 2433 856,
708 2399 780 2427 858.

252 2455 372 2483 Merito
392 2453 460 2482 illis
480 2452 687 2493 Apostolica,
708 2451 802 2480 2950.

252 2507 372 2535 Mtrito
397 2510 449 2536 tue
475 2505 677 2538 devotionis,
701 2503 795 2532 4278.

252 2559 452 2588 Meritorum
484 2557 664 2597 multiplex
696 2556 879 2595 gratitud0‚

296 2610 389 2640 2329.

253 2664 440 2693 Mestorum
463 2662 658 2692 consolator
679 2663 721 2693 et,
744 2659 817 2689 833.

253 2716 396 2745 Michael
415 2716 454 2745 (le
474 2714 654 2749 Cerisiaco‚
673 2712 767 2742 2854.

254 2768 482 2797 Militantilius
501 2766 597 2797 vobis
618 2766 687 2800 Dei,
711 2764 803 2794 1536.

253 2821 432 2849 Militaturi
456 2819 603 2849 Domino
627 2819 700 2852 sub,
723 2817 796 2847 574.

254 2874 337 2901 Mira
361 2873 448 2901 circa
471 2880 543 2903 nos,
566 2870 638 2900 214.

253 2925 419 2953 Mirubilis
444 2925 534 2953 Deus
557 2925 602 2955 in,
627 2923 720 2953 3051.
744 2922 839 2951 4289.

254 2978 420 3007 Miramur
442 2986 501 3005 nec
523 2976 617 3008 satis,
638 2975 666 3004 4.

472 987 536 1019 W..
601 984 876 1017 archidiaconus,

740 1402 876 1443 quibus,

1038 320 1261 349 (iREGOlRE
1286 319 1328 348 lx
1350 337 1391 339 —
1413 318 1582 347 TABLES

989 412 1156 441 Miramur
1176 412 1203 441 si
1221 419 1310 444 vera,
1329 410 1402 440 594.

988 464 1153 493 Mirantes
1175 463 1374 492 audivimus
1395 465 1437 497 et,
1463 460 1555 492 1073.

989 516 1106 545 Mirari
1127 516 1282 555 cogimur
1300 517 1343 549 et,
1365 514 1460 549 3640,
1482 513 1577 543 3641.

988 568 1105 597 Mirari
1129 567 1427 607 quamplurimum
1449 567 1617 605 cogimur,

1032 619 1126 649 2865.

988 672 1175 702 Mirificans
1222 671 1478 701 misericordias
1526 679 1617 703 suas,

1032 724 1105 754 449.

988 777 1192 806 Mirificante
1215 777 1403 806 secundum
1428 774 1618 805 miseratio-

1033 838 1127 863 num,
1152 827 1244 862 1487,
1267 827 1360 857 1488.

989 881 1223 912 miserabilem
1277 880 1517 910 necessitatem
1574 881 1617 913 et,

1034 933 1128 963 4711.

988 986 1217 1015 Miserabilem
1279 987 1407 1014 statum

1031 1037 1126 1067 4057.

988 1090 1125 1119 Miseret
1146 1099 1209 1119 nos
1229 1088 1424 1128 grandium,
1444 1086 1539 1117 5078.

989 1143 1145 1172 Miserias
1172 1143 1204 1172 et
1229 1150 1427 1181 erumpnas,
1457 1139 1550 1170 1798.

989 1195 1085 1224 Missi
1107 1195 1196 1233 greci
1219 1202 1338 1234 nuper,
1362 1192 1434 1223 797.

988 1247 1103 1277 Missis
1127 1247 1225 1276 nobis
1246 1247 1378 1280 litteris,
1399 1245 1495 1275 6162.

989 1300 1113 1330 Missos
1135 1308 1246 1339 nuper
1266 1308 1295 1332 a,
1318 1297 1390 1328 798.

989 1352 1115 1383 Missus
1137 1361 1155 1381 a
1177 1351 1266 1384 sede,
1288 1350 1383 1384 3483,
1404 1349 1499 1380 3484.

989 1404 1201 1434 Moderantie.
1223 1403 1378 1434 studium
1400 1404 1461 1436 est,
1482 1401 1578 1432 4342.

989 1456 1189 1486 Monasterii
1230 1457 1335 1486 vestri
1375 1454 1620 1495 oportunitati-

1033 1510 1107 1542 bus,
1129 1507 1203 1538 582.

988 1561 1196 1591 Monastzrio
1219 1560 1341 1590 Sancte
1365 1559 1499 1598 Sophie‚
1526 1558 1619 1588 1154.

990 1615 1022 1643 M
1026 1614 1202 1643 onasterio
1268 1612 1384 1642 Sancti
1447 1611 1618 1645 Audoeni,

1036 1666 1130 1696 2000.

989 1719 1199 1748 Monasterio
1265 1717 1380 1748 Sancti
1446 1716 1619 1750 Germani,

1033 1771 1128 1800 2666.

990 1823 1199 1853 Monasterio
1233 1822 1348 1852 Sancti
1380 1821 1490 1856 Pauli,
1524 1820 1619 1850 3208.

989 1876 1199 1906 Monasterio
1235 1875 1347 1905 vestro
1384 1874 1487 1914 quod,
1524 1872 1619 1906 4689,

1033 1928 1128 1958 6054.

990 1981 1083 2010 More
1109 1981 1264 2020 parentis
1289 1980 1360 2019 qui,
1389 1978 1437 2009 17.

990 2034 1101 2063 Movet
1123 2042 1186 2063 nos
1207 2034 1250 2066 et,
1273 2031 1346 2062 918.

990 2085 1124 2116 Mulieri
1145 2094 1211 2125 que
1232 2088 1278 2119 in,
1302 2084 1394 2114 1010.

989 2138 1096 2169 Multo
1154 2137 1407 2177 compassionis
1465 2136 1620 2169 affectus,

1036 2190 1128 2225 1444,
1152 2189 1245 2223 1445,
1266 2188 1350 2218 5004
1369 2189 1389 2219 a
1408 2188 1503 2218 5007.

990 2242 1096 2275 Multe
1121 2241 1234 2272 laudis
1258 2241 1413 2281 dignum,
1436 2240 1532 2270 4037.

991 2295 1212 2333 Multiph.11·ie
1263 2293 1451 2330 multisque
1498 2291 1621 2325 modis,

1037 2349 1130 2379 1461.

991 2401 1108 2431 Multis
1135 2402 1174 2431 de
1200 2400 1410 2433 diversitate,
1435 2398 1531 2430 4003.

991 2453 1177 2483 Multitudo
1199 2457 1235 2485 in
1256 2452 1420 2486 ecclesiis,
1445 2451 1537 2481 1879.

990 2506 1178 2536 Multorum
1228 2505 1387 2535 instructi
1445 2504 1621 2537 relatibus,

1035 2557 1129 2587 2099.

991 2611 1147 2640 Munitus
1171 2610 1268 2640 scuto
1289 2608 1379 2645 fidei,
1402 2608 1497 2639 2528.

1273 2781 1345 2840 N

991 2922 1147 2951 Naturali
1170 2922 1285 2951 debito
1307 2919 1503 2960 singularis,
1530 2920 1622 2948 1561.

992 2974 1040 3002 Ne
1062 2974 1193 3003 alienas
1214 2973 1344 3012 culpas,
1366 2971 1439 3002 277.

1470 982 1617 1024 imperii,

1728 408 1776 438 Ne
1805 408 1952 438 aliorum
1981 408 2112 447 culpaS,
2142 407 2215 436 601.

1728 459 1774 490 Ne
1796 460 1970 499 aliquibus
1991 460 2160 499 impediri,
2182 458 2277 489 3493.

1727 512 1774 542 Ne
1791 511 2078 542 Cathalaunensis
2095 511 2245 545 ecclesia,
2263 510 2357 541 5206.

1728 564 1774 593 Ne
1798 564 2025 594 commisstun
2049 564 2120 598 tibi,
2143 563 2238 597 4352,
2262 562 2356 592 4773.

1727 617 1773 645 Ne
1796 617 2219 656 Constantinopolitanum
2252 615 2357 655 impe-

1773 669 1874 704 rium,
1899 667 1994 697 3936.

1729 722 1777 750 Ne
1798 720 1996 751 detestabile
2019 720 2164 753 facinus,
2192 719 2280 749 1284.

1728 774 1776 803 Ne
1799 774 1992 804 devotionis
2014 775 2136 807 vestre,
2160 772 2232 802 934.

1728 826 1776 856 Ne
1799 827 1918 856 dilecte
1941 826 1987 860 in,
2014 825 2105 855 1289.

1728 878 1774 910 Ne
1794 879 1830 909 in
1850 886 1996 918 gregem,
2017 878 2111 907 5345.

1728 931 1776 962 Ne
1800 932 1834 960 in
1857 934 1959 964 terra,
1984 930 2057 960 866.

1727 983 1776 1012 Ne
1799 982 2048 1012 monasterium
2073 982 2198 1015 Sancti,
2222 981 2316 1011 3975.

1727 1035 1770 1064 Ne
1827 1036 2076 1064 monasterium
2131 1034 2357 1066 Venusinum,

1773 1087 1868 1120 3687,
1890 1086 1985 1116 3688.

1727 1139 1775 1170 Ne
1793 1140 1962 1169 notabiles
1980 1139 2149 1172 homines,
2167 1138 2263 1168 2800.

1728 1191 1775 1221 Ne
1800 1192 1966 1222 obruatur
1990 1190 2197 1225 innocentia,
2221 1190 2316 1221 5013.

1729 1245 1776 1274 Ne
1793 1244 1999 1280 obsequium
2013 1244 2133 1277 Jhesu,
2152 1242 2246 1276 2946,
2264 1241 2359 1273 2947.

1729 1296 1777 1326 Ne
1799 1296 1973 1337 possimus
1993 1296 2101 1334 argui,
2124 1295 2218 1324 2114.

1728 1349 1776 1381 Ne
1797 1350 1962 1380 serenitas
1982 1347 2146 1381 veritatis,
2165 1348 2262 1377 6165.

1730 1401 1777 1431 Ne
1803 1405 1829 1433 si
1855 1401 2111 1434 sceleratorum,
2140 1399 2232 1430 1624.

1730 1453 1777 1484 Ne
1803 1460 1904 1493 super
1929 1453 2127 1494 privilegiiS,
2154 1452 2226 1482 643.

1730 1507 1779 1535 Ne
1801 1509 1890 1536 terra
1912 1507 2017 1540 vaste,
2040 1505 2135 1534 2959.

1730 1558 1798 1588 Nec
1821 1561 1871 1588 est
1893 1558 2051 1597 petentis,
2078 1556 2170 1586 1873.

1730 1610 1886 1642 Nefanda
1912 1610 2183 1651 presumptionis
2209 1609 2360 1642 auditus,

1778 1662 1870 1697 1200,
1895 1662 1987 1697 1201,
2013 1661 2105 1691 1202.

1729 1714 1871 1754 Negotio
1896 1715 2010 1745 dilecti
2033 1714 2106 1749 filii,
2133 1714 2228 1743 2019.

1730 1767 1872 1807 Negotio
1896 1767 2073 1797 electionis
2097 1766 2197 1800 facte,
2224 1766 2316 1795 1966.

1730 1820 1910 1860 Negotium
1935 1821 2027 1859 quod
2051 1818 2175 1858 agitur,
2200 1817 2273 1848 229.

1729 1872 1844 1902 Nescit
1863 1874 1954 1902 circa
1971 1872 2071 1904 filios,
2091 1870 2185 1900 3179.

1730 1925 1842 1954 Nichil
1867 1924 2065 1954 animarum
2089 1924 2195 1957 lucro,
2223 1923 2316 1953 1849.

1730 1977 1892 2007 Nicolaus
1911 1977 1952 2006 de
1970 1976 2129 2009 Karden„
2149 1975 2245 2006 6025.

1730 2029 1784 2060 Nil
1806 2029 2015 2060 arbitrantes
2036 2029 2243 2063 animarum,
2265 2027 2360 2061 4495,

1774 2082 1870 2117 4766,
1892 2081 1986 2112 5061.

1727 2135 1781 2163 Nil
1797 2134 1912 2165 carius
1926 2136 2137 2174 reputantes.
2154 2133 2248 2167 4350,
2263 2131 2360 2162 4771.

1730 2187 1840 2218 Nimis
1863 2188 1898 2217 in
1920 2189 1990 2220 tua,
2012 2186 2085 2215 800.

1729 2239 1840 2269 Nimis
1858 2239 1978 2278 iniqua
1997 2238 2247 2272 vicissitudine,
2267 2237 2339 2266 707.

1730 2291 1841 2321 Nimis
1865 2293 2023 2331 patenter
2046 2290 2219 2329 injuriari,
2243 2289 2339 2319 4507.

1731 2344 1842 2373 Nimis
1866 2346 2024 2383 patenter
2047 2343 2220 2382 patientie,
2245 2341 2318 2372 596.

1730 2395 1887 2426 Nobilem
1906 2396 2053 2425 virum...
2072 2395 2246 2429 comitem,
2266 2393 2339 2424 235.

1731 2447 1869 2478 Nobiles
1898 2449 1963 2478 riri
1991 2448 2190 2481 Mauricius,
2219 2445 2314 2476 3839.

1731 2500 1869 2531 Nobiles
1892 2500 1954 2530 viri
1977 2500 2203 2534 vicecomites,
2225 2498 2320 2529 4312.

1731 2552 1845 2582 Nobili
1862 2553 1969 2583 viro...
1986 2553 2081 2586 duce,
2100 2552 2195 2582 2118.

1731 2605 1863 2635 Nobilis
1880 2605 2004 2634 mulier
2019 2603 2189 2638 Ysabella‚
2207 2603 2302 2633 3007.

1733 2657 1864 2688 Nobilis
1888 2657 1940 2687 vir
1962 2657 2161 2690 Baldoinus,
2185 2655 2280 2686 2746.

1733 2709 1865 2740 Nobilis
1889 2710 1973 2739 vir...
1998 2717 2121 2742 comes,
2148 2708 2243 2742 4204,
2267 2708 2362 2741 4761,

1777 2762 1872 2792 4776.

1734 2814 1864 2844 Nobilis
1887 2815 1971 2844 vir...
1996 2813 2075 2848 dux,
2099 2813 2194 2843 4809.

1733 2866 1864 2896 Nobilis
1886 2866 1939 2895 vir
1961 2866 2008 2900 G.,
2035 2865 2127 2895 1055.

1733 2918 1864 2948 Nobilis
1888 2919 1939 2947 vir
1961 2918 2160 2949 Gaufridus.
2184 2918 2279 2946 6089.

1732 2970 1864 2999 Nobilis
1886 2971 1937 2999 vir
1958 2970 2077 3001 Guido.
2101 2970 2195 3000 4039.
