2523 3556
107 421 192 451 Cum
214 422 274 451 tibi
293 421 505 456 duxerimus,
526 421 598 456 671,
619 421 713 452 5362.

107 474 192 503 Cum
230 474 292 504 tibi
330 474 468 508 nostris,
506 473 600 507 3903,
640 475 735 509 4206,

151 525 245 556 6081.

106 577 190 607 Cum
211 580 281 608 tota
301 581 402 612 terra,
422 577 516 608 2464.

106 630 190 660 Cum
216 633 253 661 tu
274 632 318 665 et,
343 630 438 664 3609,
465 630 559 660 3610.

105 682 190 712 Cum
212 684 248 712 tu
268 682 389 716 frater,
411 682 483 713 215.

104 735 190 764 Cum
211 735 268 764 tue
286 734 516 769 discretionis,
539 734 611 765 327.

105 787 190 816 Cum
214 787 327 826 turpis
353 788 406 821 sit,
432 787 526 821 2645,
552 787 646 818 2646.

104 839 189 869 Cum
211 838 411 877 unigenitus
430 839 501 873 Dei,
523 839 594 869 78¹5.

105 890 190 920 Cum
213 891 382 920 unixersis
402 892 566 928 ecclesiis,
589 893 682 923 3629,

103 943 188 974 Cum
214 944 385 975 universis
412 945 544 979 Sancte,
572 946 666 976 2670.

103 997 199 1030 Cum,
254 1000 397 1027 vacante
452 998 732 1033 Cathalaunensi,

146 1047 242 1079 5966.

102 1100 188 1130 Cum
207 1103 350 1133 vacante
370 1101 521 1135 ecclesia,
540 1102 634 1134 3377.

102 1155 187 1185 Cum
217 1154 390 1190 VataciuS,
422 1156 493 1191 Dei,
524 1156 618 1191 3907,
648 1157 731 1185 4209

145 1207 164 1238 ἐι
187 1206 283 1238 4217.

101 1260 186 1289 Cum
215 1260 444 1290 venerabilem
474 1261 628 1295 fratrem,
659 1261 730 1295 761,

145 1311 218 1345 838,
244 1310 317 1346 839,
342 1311 437 1346 2767,
462 1312 557 1343 2774.

99 1363 186 1394 Cum
219 1364 430 1394 venerabiles
464 1365 600 1397 fratres,
635 1366 730 1398 2902,

144 1415 239 1451 2903,
260 1415 356 1446 4527.

100 1467 186 1498 Cum
210 1468 397 1498 venerabili
422 1470 532 1502 fratri,
563 1470 630 1505 185,
657 1471 728 1503 292,

144 1520 238 1551 5339.

101 1573 185 1603 Cum
240 1574 495 1605 venerabilibus
552 1575 729 1608 fratribus,

144 1625 238 1656 5278.

99 1677 185 1708 Cum
203 1677 408 1708 venerabilis
429 1678 546 1711 frater.
565 1680 637 1711 696,
657 1679 730 1714 827,

145 1731 218 1765 857,
235 1732 308 1766 859,
326 1732 396 1763 976,
418 1732 508 1765 1051,
530 1732 620 1765 1816,
637 1732 731 1761 2014.

144 1783 238 1818 2152,
266 1783 361 1819 2760,
389 1784 484 1819 2893,
512 1784 607 1819 2912,
635 1785 729 1817 2913.

144 1836 239 1871 2994,
266 1836 362 1872 3110,
390 1837 485 1869 3111,
511 1837 606 1870 3145,
635 1837 729 1869 3146.

144 1888 238 1925 3522,
267 1888 361 1922 3523,
389 1889 484 1923 3721,
512 1890 607 1924 3877,
635 1891 729 1923 3941,

145 1941 240 1975 4547,
267 1941 363 1976 4585,
390 1942 484 1977 5236,
512 1941 607 1975 5323,
635 1942 729 1971 6050.

99 1994 185 2024 Cum
206 1995 380 2024 vonissent
401 1995 454 2029 ad,
477 1994 568 2024 1880.

100 2046 185 2076 Cum
205 2047 356 2076 venisse-s
375 2047 428 2080 ad,
449 2046 521 2081 202,
542 2046 614 2080 208,
635 2048 730 2077 4995.

99 2099 185 2128 Cum
208 2101 320 2129 vestre
341 2098 528 2138 religionis,
552 2098 625 2129 286.

100 2151 186 2181 Cum
210 2150 294 2180 viris
318 2151 369 2184 de,
395 2151 490 2181 3615.

99 2203 184 2233 Cum
235 2203 468 2234 visitationem
520 2205 729 2239 monasterii,

143 2254 216 2285 316.

100 2307 186 2338 Cum
211 2308 307 2337 vobis
333 2309 520 2347 negotium,
546 2308 641 2338 4529.

100 2359 185 2390 Cum
208 2360 305 2390 vobis
327 2360 465 2395 nostris,
488 2360 582 2390 4444.

100 2411 185 2441 Cum
205 2421 266 2442 vos
285 2413 331 2446 in,
351 2412 446 2443 3810.

100 2463 185 2494 Cum
206 2474 266 2494 vos
287 2464 390 2505 ipsam,
411 2464 506 2495 4318.

100 2516 186 2546 Cum
207 2525 268 2546 vos
290 2518 469 2556 tanquam,
494 2517 566 2548 706.

100 2569 186 2598 Cum
206 2569 277 2599 zelo
297 2569 388 2603 fidei,
410 2568 504 2599 3363.

99 2621 254 2651 Cumana
272 2622 415 2654 eeclesia
437 2622 596 2661 pastoris,
622 2622 691 2652 184.

99 2673 231 2703 Cuncta
252 2673 426 2714 sapienter
446 2675 497 2707 ab,
519 2674 613 2707 2146,
636 2674 730 2707 2147,

144 2725 229 2755 2224
246 2726 265 2755 a
282 2725 376 2756 2256.

100 2778 250 2817 Cupiens
269 2777 414 2809 dilectus
434 2779 537 2812 filius,
557 2779 651 2808 2087.

101 2829 284 2869 Cupientes
308 2841 327 2861 a
351 2831 508 2865 subditis,
530 2831 605 2860 497.

101 2881 285 2921 Cupientes
307 2883 442 2913 abolere
464 2884 514 2917 de,
537 2883 608 2913 720.

100 2934 284 2974 Cupientes
309 2936 432 2965 ascribi
458 2936 589 2969 militie,
614 2936 687 2965 490.

99 2986 523 3026 Cupi-entes'Christicolas
542 2989 594 3021 ad,
614 2988 707 3019 2145.

929 336 1060 365 {Nl'l'lA
1084 338 1393 369 El’lS'l'OLAI’iUM

847 427 1029 465 Cupientes
1051 431 1225 467 negotium
1246 430 1357 466 Terre,
1378 431 1472 460 5230.

847 479 1029 518 Cupientts
1054 483 1151 519 proni
1179 483 1231 514 ad,
1262 482 1352 518 1059,
1379 483 1472 516 3990,

890 531 985 561 4415.

847 584 1028 623 Cupientes
1053 586 1089 613 ut
1112 586 1162 617 ab,
1186 586 1281 616 4384.

846 636 1029 675 Cupientes
1052 638 1088 666 ut
1109 646 1181 677 par,
1203 637 1276 672 575,
1300 638 1391 668 1853.

846 687 1070 727 Cupientibus
1100 690 1134 718 in
1164 697 1254 728 agro,
1287 691 1378 720 1600.

846 740 954 769 Cursu
978 750 1186 780 prepropero
1209 744 1249 775 et,
1274 742 1367 772 4405.

1130 915 1194 972 D

844 1053 930 1082 Dare
956 1062 1073 1093 pacem
1097 1053 1266 1092 gentibus,
1295 1054 1386 1084 1058.

843 1105 907 1134 Dat
931 1105 1029 1135 nobis
1049 1105 1270 1144 >experientia,
1294 1105 1388 1134 2097.

843 1157 950 1186 David
968 1165 1087 1196 regum
1102 1158 1291 1196 piissimus,
1310 1157 1381 1190 791,
1396 1158 1470 1187 809.

843 1209 888 1237 D:
910 1209 1104 1248 Apostolice
1127 1210 1232 1243 Sedis,
1255 1209 1349 1239 3814.

842 1261 887 1290 De.
910 1260 1103 1290 Conditoris
1124 1262 1293 1295 omnium,
1315 1261 1409 1291 4335.

843 1314 889 1342 De
913 1313 1035 1343 dilecta
1062 1314 1225 1347 locorum,
1252 1313 1344 1344 1950.

843 1365 889 1396 De
915 1365 1122 1395 discretione
1150 1369 1217 1399 tua,
1247 1366 1337 1395 1085.

843 1418 888 1445 Ile
912 1417 1021 1446 felicis
1043 1418 1216 1451 memorie,
1239 1418 1332 1451 5161,
1353 1418 1448 1447 5162.

842 1470 889 1498 De
910 1470 975 1499 fide
996 1480 1044 1504 ac,
1069 1470 1138 1504 157,
1162 1470 1254 1499 1481.

842 1522 884 1554 1),
918 1521 1148 1552 fraternitatis
1176 1525 1296 1555 vestre,
1327 1522 1421 1552 2618.

842 1575 884 1604 Ds
911 1575 1095 1604 humilium
1120 1574 1329 1614 depressore,
1352 1575 1447 1604 5996.

842 1627 888 1656 De
931 1627 1132 1658 liberatione
1171 1628 1285 1661 Terre,
1327 1627 1407 1656 2041
1451 1628 1469 1657 ὲ

887 1679 980 1708 2044.

842 1732 887 1760 De
914 1732 994 1761 locis
1019 1732 1145 1765 (livino,
1170 1731 1263 1761 3878.

842 1784 888 1812 Dc
910 1784 1014 1813 nimia
1034 1786 1140 1823 potes,
1160 1784 1254 1813 3766.

841 1836 888 1865 De
911 1836 1169 1876 Omnipotentis
1191 1837 1310 1875 gratia,
1332 1836 1427 1866 4339.

842 1889 888 1917 De
909 1889 999 1927 regia
1020 1889 1138 1923 salute,
1161 1889 1253 1918 1069.

841 1942 887 1969 De
912 1941 1108 1970 sinceritate
1130 1941 1331 1976 devotionis,
1355 1941 1427 1971 275.

841 1994 887 2022 De
909 1994 1115 2025 sinceritate,
1136 1993 1314 2027 modestia,
1335 1994 1430 2023 6138.

843 2046 887 2074 De.
909 2049 999 2077 statu
1019 2055 1173 2085 persone,
1194 2045 1277 2075 4373
1298 2046 1317 2075 a
1336 2045 1430 2075 4376.

843 2098 888 2126 De
915 2099 1053 2137 superni
1079 2098 1178 2137 regis,
1202 2098 1297 2128 4692.

843 2151 870 2178 l)
911 2153 941 2181 te
965 2150 1095 2189 grandi,
1122 2150 1214 2180 1920.

842 2203 888 2231 De
909 2206 967 2232 tua
986 2203 1173 2235 devotione,
1194 2202 1288 2232 4945.

843 2255 888 2283 De
910 2258 966 2284 tue
988 2256 1189 2288 devotionis,
1215 2254 1306 2283 1502.

842 2308 888 2338 De
915 2310 969 2336 tue
996 2307 1084 2339 lidei,
1111 2307 1205 2336 6148.

842 2360 887 2388 De
906 2361 1031 2388 unione
1049 2370 1124 2398 que,
1143 2359 1236 2388 3653.

842 2412 887 2440 De
910 2415 1018 2440 vestre
1040 2411 1128 2445 fidei,
1150 2411 1245 2440 6158.

841 2465 966 2493 l).¹bent
988 2464 1105 2502 przlati
1127 2463 1354 2496 subditorum,
1374 2463 1468 2497 5346,

885 2515 978 2545 5347.

840 2569 945 2597 Debet
967 2570 999 2598 in
1022 2568 1176 2599 letitiam.
1195 2567 1289 2597 4767.

842 2622 944 2650 Debet
974 2621 1204 2659 pugnantium
1232 2630 1302 2660 pro,
1329 2620 1423 2649 3926.

841 2673 1001 2702 Debitum
1050 2673 1155 2702 officii
1207 2671 1325 2703 nostri.
1374 2672 1468 2705 4979,

885 2726 978 2759 5179,
1005 2726 1098 2754 5180.

841 2779 999 2807 Debitum
1025 2778 1130 2807 officii
1154 2778 1349 2817 pastoralis,
1378 2777 1468 2810 1827,

885 2830 978 2861 2397,
1000 2830 1094 2862 4988,
1116 2830 1211 2862 4989,
1232 2829 1327 2858 4990.

842 2883 999 2912 Debitum
1051 2885 1241 2921 respectum
1293 2883 1468 2915 hahentes,

891 2936 978 2964 1:583.

842 2988 970 3017 llttens
997 2991 1023 3016 21
1050 2987 1263 3020 couveniens,
1288 2987 1382 3018 2792,

2151 349 2206 375 :501

1586 434 1686 464 Decet
1707 437 1737 463 et
1758 436 1902 473 expedit,
1924 436 2017 465 4324.

1586 486 1688 514 Decet
1755 486 1944 516 Romanam

1628 537 1722 566 5170.

1585 589 1781 621 Decisiones
1835 600 2018 621 causarum
2074 594 2208 631 quilius,

1628 640 1721 670 3466.

1586 693 1642 723 Dei
1682 696 1711 722 et
1751 694 1942 725 hominum.
1982 695 2075 728 3384,
2116 696 2209 729 3385,

1649 744 1743 777 4347,
1761 745 1855 774 4768.

1584 797 1644 825 Dei
1666 797 1844 835 sapientia,
1866 798 1934 834 qui,
1957 799 2050 828 5166.

1583 849 1702 878 Delata
1724 858 1833 888 nuper
1855 851 1906 883 ad,
1929 850 2022 879 2170.

1582 901 1775 939 Deputatus
1799 901 1904 932 Jhesu
1942 902 2077 937 Christi,
2115 903 2208 937 2769,

1626 951 1720 982 2770.

1581 1005 1823 1034 Desiderantes
1873 1006 2068 1035 celsitudini
2120 1010 2165 1036 tu
2182 1017 2209 1039 e,

1623 1056 1719 1086 4975.

1581 1109 1821 1139 Desideranus
1844 1110 1933 1139 inter
1957 1110 2092 1144 milites,
2117 1110 2166 1140 315.

1580 1162 1822 1191 Desiderantes
1847 1162 2035 1200 plurimum
2063 1165 2109 1196 ut,
2138 1163 2207 1192 146.

1581 1213 1821 1243 Desiderantes
1843 1216 1912 1243 toto
1934 1214 2069 1248 mentis,
2091 1215 2185 1244 5075.

2012 489 2208 523 Ecclesiam,

1581 1266 1827 1304 Desperatione
1865 1267 2000 1296 videtur
2038 1267 2207 1301 absortus,

1624 1317 1718 1348 3182.

1582 1369 1750 1398 Destinati
1772 1371 1814 1399 ait
1837 1380 1908 1403 nos,
1931 1370 2003 1399 246.

1580 1422 1789 1451 ILtestanda
1809 1423 1961 1452 vecordis
1980 1424 2053 1456 viri,
2078 1424 2168 1452 1442.

1581 1474 1680 1507 Deus,
1705 1474 1901 1504 innocentie
1925 1475 2088 1514 cognitor,
2112 1475 2206 1504 6182.

1581 1527 1799 1556 Devotionem
1838 1527 1987 1556 Eccle‹ie
2024 1528 2206 1562 Gallicane,

1627 1577 1696 1608 131.

1581 1631 1803 1660 Devotionem
1825 1635 1858 1662 et
1878 1631 1991 1664 fidem,
2016 1632 2085 1661 119.

1579 1683 1802 1712 Devotionem
1823 1686 1970 1714 vestram
1991 1684 2113 1722 dignis,
2133 1684 2206 1713 931,

1579 1736 1799 1765 Devotionirn
1842 1738 1992 1765 vestram
2032 1737 2205 1770 duximus,

1623 1787 1694 1817 724.

1579 1840 1757 1869 Devotioni
1781 1843 1837 1870 tue
1859 1849 1927 1880 per,
1950 1838 2044 1870 3823.

1577 1892 1758 1921 Devotioni
1784 1895 1840 1921 tue
1865 1891 2085 1932 presentium,
2111 1892 2204 1926 2427,

1623 1944 1716 1979 3098,
1738 1943 1832 1973 3839.

1578 1997 1758 2025 Devotioni
1781 2000 1837 2026 tue
1859 1999 2008 2036 propter,
2031 1996 2125 2026 2075.

1579 2049 1758 2077 Devotioni
1817 2048 2019 2078 wne1·abi'·:is
2076 2049 2204 2081 fratris,

1623 2101 1716 2130 2619.

1578 2153 1777 2183 Devotionis
1798 2153 1959 2182 affectum
1979 2161 2091 2192 quem,
2111 2153 2205 2185 4820,

1622 2204 1716 2234 4821.

1578 2257 1777 2286 Devotionis
1803 2257 1946 2286 affectus
1973 2265 2085 2295 quem,
2111 2257 2205 2285 4541.

1580 2309 1777 2339 Devotiouis
1804 2309 1918 2339 dilecti
1945 2308 2017 2342 filii,
2044 2309 2138 2339 3873.

1580 2361 1780 2391 Devotiouis

1623 2414 1717 2443 2398.

1579 2466 1777 2495 Devotionis
1822 2468 1877 2494 tue
1926 2466 2064 2497 litteras,
2115 2464 2205 2497 1504,

1627 2517 1716 2551 1795,
1738 2518 1832 2547 4058.

1581 2570 1778 2599 Devotionis
1826 2572 1882 2599 tue
1931 2569 2062 2603 merita,
2111 2568 2205 2601 4749,

1623 2622 1717 2651 4750.

1580 2675 1777 2703 Devotionis
1824 2678 1873 2703 tue
1922 2674 2089 2712 precibus,
2133 2672 2205 2705 989,

1628 2726 1717 2759 1712,
1740 2726 1834 2754 4602.

1580 2779 1778 2807 Devotionis
1809 2781 1863 2807 tue
1893 2777 2081 2811 sinceritas,
2111 2776 2204 2809 3872,

1579 2839 1581 2843 ’
1625 2830 1719 2859 3874.

1580 2883 1776 2912 Devutiouis
1798 2884 1905 2911 vesu-e
1926 2883 2091 2921 pru-ibus,
2111 2882 2205 2914 2402,

1624 2935 1717 2967 2565,
1739 2935 1832 2963 3398.

1581 2988 1778 3018 Devotiouis
1809 2990 1915 3018 vestre
1948 2986 2204 3026 supplicationi-

1846 2362 2024 2390 sinceritas
2090 2371 2205 2400 quam,
